@online{atmega,
    author    = "Atmel",
    title     = "8-bit AVR Microcontroller with 4/8/16/32K Bytes In-SystemProgrammable Flash",
    url       = "https://www.sparkfun.com/datasheets/Components/SMD/ATMega328.pdf",
    addendum = "(consultado el: 25 May. 2019)",
    }

@online{obstaculo,
    author    = "SensorKit",
    title     = "KY-032 Obstacle-detect module",
    url       = "http://sensorkit.en.joy-it.net/index.php?title=KY-032_Obstacle-detect_module",
    addendum = "(consultado el: 25 May. 2019)",
    }
    
@online{track,
    author    = "ITEAD",
    title     = "Track Sensor",
    url       = "https://www.itead.cc/wiki/Track_Sensor",
    addendum = "(consultado el: 25 May. 2019)",
    }
    
@book{cristal,
  title={Arduino Project Handbook: 25 Practical Projects to Get You Started},
  author={Geddes, M.},
  isbn={9781593277772},
  url={https://books.google.co.cr/books?id=kgYvDwAAQBAJ},
  year={2016},
  publisher={No Starch Press}
}

@online{motor_dc,
    author    = "SparkFun",
    title     = "Hobby Gearmotor - 140 RPM",
    url       = "https://www.sparkfun.com/products/13302",
    addendum = "(consultado el: 25 May. 2019)",
    }
    
@online{driver,
    author    = "Micro JMP",
    title     = "L9110 2-CHANNEL MOTOR DRIVER",
    url       = "http://files.microjpm.webnode.com/200001268-23d5b24d30/L9110_2_CHANNEL_MOTOR_DRIVER.pdf",
    addendum = "(consultado el: 25 May. 2019)",
    }
    
@online{servo,
    author    = "Micro JMP",
    title     = "SERVO MOTOR SG90",
    url       = "http://files.microjpm.webnode.com/200000416-ec3e6ed3b6/SG90\%20Datasheet.pdf",
    addendum = "(consultado el: 25 May. 2019)",
    }
    
@online{speaker,
    author    = "CUI.INC",
    title     = "Magnetic buzzer",
    url       = "http://files.microjpm.webnode.com/200001546-06a0708951/cem-1203-42-.pdf",
    addendum = "(consultado el: 25 May. 2019)",
    }
@online{interfaz,
    author     = "The GTK Team",
    title     = "The GTK Project",
    url       = "https://www.gtk.org/",
    addendum  = "(consultado el: 19 July. 2019)",


}
    
@online{bluetooth,
    author    = "ArduinoVe",
    title     = "MÃ³dulo Bluetooth Hc-05",
    url       = "http://www.arduinove.com/index.php?route=product/product&product_id=65",
    addendum = "(consultado el: 20 July. 2019)",
    }    